@ARTICLE{Cygnus X-1,
	author = {{Jiang}, Jiachen},
	title = "{Fifty Years After the Discovery of the First Stellar-Mass Black Hole: A Review of Cyg X-1}",
	journal = {arXiv e-prints},
	keywords = {Astrophysics - High Energy Astrophysical Phenomena},
	year = 2024,
	month = nov,
	eid = {arXiv:2411.12507},
	pages = {arXiv:2411.12507},
	doi = {10.48550/arXiv.2411.12507},
	archivePrefix = {arXiv},
	eprint = {2411.12507},
	primaryClass = {astro-ph.HE},
	adsurl = {https://ui.adsabs.harvard.edu/abs/2024arXiv241112507J},
	adsnote = {Provided by the SAO/NASA Astrophysics Data System}
}

@article{Carretero,
	author = {{Carretero-Castrillo}, M. and {Rib{\'o}}, M. and {Paredes}, J.~M.},
	title = "{Galactic runaway O and Be stars found using Gaia DR3}",
	journal = {\aap},
	keywords = {catalogs, stars: early-type, stars: emission-line, Be, stars: kinematics and dynamics, X-rays: binaries, gamma rays: stars, Astrophysics - Solar and Stellar Astrophysics, Astrophysics - Astrophysics of Galaxies, Astrophysics - High Energy Astrophysical Phenomena},
	year = 2023,
	month = nov,
	volume = {679},
	eid = {A109},
	pages = {A109},
	doi = {10.1051/0004-6361/202346613},
	archivePrefix = {arXiv},
	eprint = {2311.01827},
	primaryClass = {astro-ph.SR},
	adsurl = {https://ui.adsabs.harvard.edu/abs/2023A&A...679A.109C},
	adsnote = {Provided by the SAO/NASA Astrophysics Data System}
}




